<?xml version="1.0" encoding="UTF-8"?><record xmlns="http://www.loc.gov/MARC21/slim" xmlns:cinclude="http://apache.org/cocoon/include/1.0" xmlns:zs="http://www.loc.gov/zing/srw/">
  <leader>00557cz  a2200133n  4500</leader>
  <controlfield tag="001">n  85352157 </controlfield>
  <controlfield tag="003">DLC</controlfield>
  <controlfield tag="005">20080507075342.0</controlfield>
  <controlfield tag="008">861007n| acannaabn          |n ana     c</controlfield>
  <datafield tag="010" ind1=" " ind2=" ">
    <subfield code="a">n  85352157 </subfield>
  </datafield>
  <datafield tag="035" ind1=" " ind2=" ">
    <subfield code="a">(OCoLC)oca01715856</subfield>
  </datafield>
  <datafield tag="040" ind1=" " ind2=" ">
    <subfield code="a">DGPO</subfield>
    <subfield code="b">eng</subfield>
    <subfield code="c">DLC</subfield>
    <subfield code="d">DLC</subfield>
    <subfield code="d">OCoLC</subfield>
  </datafield>
  <datafield tag="110" ind1="2" ind2=" ">
    <subfield code="a">National Institute of Justice (U.S.).</subfield>
    <subfield code="b">Office of Communication and Research Utilization</subfield>
  </datafield>
  <datafield tag="670" ind1=" " ind2=" ">
    <subfield code="a">Confronting domestic violence, 1986:</subfield>
    <subfield code="b">t.p. (U.S. Dept. of Justice, National Institute of Justice, Office of Communication and Research Utilization) p. 4 of cover (Washington, D.C.)</subfield>
  </datafield>
</record>